%! Author = oskin
%! Date = 21.08.2023

@misc{chepurnoy2018selfreproducing,
    title = {Self-Reproducing Coins as Universal Turing Machine},
    author = {Alexander Chepurnoy and Vasily Kharin and Dmitry Meshkov},
    year = {2018},
    eprint = {1806.10116},
    archivePrefix = {arXiv},
    primaryClass = {cs.CR}
}

@misc{ergo2019wp,
    author = {Ergo Developers},
    title = {Ergo: A Resilient Platform For Contractual Money},
    year = {2019},
    url = {https://storage.googleapis.com/ergo-cms-media/whitepaper_668cb39ee5/whitepaper_668cb39ee5.pdf},
}

@misc{uniswap2020evm,
    author = {Hayden Adams, Noah Zinsmeister, Dan Robinson},
    title = {Uniswap v2 Core},
    year = {2019},
    url = {https://uniswap.org/whitepaper.pdf},
}

@misc{uniswap2023x,
    author = {Hayden Adams, Noah Zinsmeister, Mark Toda},
    title = {UniswapX},
    year = {2023},
    url = {https://uniswap.org/whitepaper-uniswapx.pdf},
}

@misc{bartoletti2023theoretical,
    title = {A theoretical basis for Blockchain Extractable Value},
    author = {Massimo Bartoletti and Roberto Zunino},
    year = {2023},
    eprint = {2302.02154},
    archivePrefix = {arXiv},
    primaryClass = {cs.CR}
}

@article{Xu_2023,
    doi = {10.1145/3570639},
    url = {https://doi.org/10.1145%2F3570639},
    year = 2023,
    month = {feb},
    publisher = {Association for Computing Machinery ({ACM})},
    volume = {55},
    number = {11},
    pages = {1--50},
    author = {Jiahua Xu and Krzysztof Paruch and Simon Cousaert and Yebo Feng},
    title = {{SoK}: Decentralized Exchanges ({DEX}) with Automated Market Maker ({AMM}) Protocols},
    journal = {{ACM} Computing Surveys}
}

@misc{cryptoeprint:2021/1069,
    author = {Joachim Zahnentferner and Dmytro Kaidalov and Jean-Frédéric Etienne and Javier Díaz},
    title = {Djed: A Formally Verified Crypto-Backed Pegged Algorithmic Stablecoin},
    howpublished = {Cryptology ePrint Archive, Paper 2021/1069},
    year = {2021},
    note = {\url{https://eprint.iacr.org/2021/1069}},
    url = {https://eprint.iacr.org/2021/1069}
}
